@book{fartronc:misur,
    author    = {Angelo Farina, Lamberto Tronchin},
    title     = {La misurazione acustica negli ambienti chiusi: aspetti teorici e sperimentali},
    publisher = {Utet},
    year      = {2015},
    address   = {Via Ormea 75, Torino},
}

@book{howjamie:acu,
    author    = {David Howard, Jamie Angus},
    title     = {Acoustic and Psychoacoustic},
    publisher = {EDN Network},
    year      = {2010},
    address   = {Reading (Massachusetts)}
}

@book{nono:spaziell,
    author    = {Otto Kolleritsch},
    title     = {Die Musik Luigi Nonos},
    publisher = {Universal Eition},
    year      = {1991},
    address   = {Reading (Vienna)},
}

@book{wenetti:sax,
    author    = {Weiss, Marcus/Netti, Giorgio},
    title     = {The Techniques of saxophone playings},
    publisher = {Barenreiter-Verlag},
    year      = {2015},
    address   = {Reading (Vienna)},
}

@book{xen:space,
    author    = {Iannis Xenakis},
    title     = {Formalized music},
    publisher = {Editions Richard-Masse},
    year      = {2015},
    address   = {Paris},
}


@manual{dirosvetter:chirp, 
	author    = {Katja Vetter, Serafino di Rosario},
	title     = {ExpoChirpToolbox: a Pure Data implementation of ESS impulse response measurement}, 
	year      = {2011},
	url       = {},
}

@manual{far:misur, 
	author    = {Angelo Farina},
	title     = {Simultaneous Measurement of Impulse Response and Distortion With a Swept-Sine Technique}, 
	year      = {2000},
	url       = {},
}

@manual{far:acu, 
	author    = {Angelo Farina},
	title     = {Acustica degli ambienti chiusi}, 
	year      = {2014},
	url       = {},
}

@manual{far:advimp, 
	author    = {Angelo Farina},
	title     = {Advancements in impulse response measurements by sine sweeps}, 
	year      = {2007},
	url       = {},
}




